@inproceedings{HT04,
 author = {J. Halpern and V. Teague},
 title = {Rational Secret Sharing and Multiparty Computation: Extended Abstract},
 booktitle = {Proc.\ 36th Annual {ACM} Symposium on Theory of Computing},
 publisher = {{ACM}},
 year = {2004},
 pages = {623--632},
}
@inproceedings{MMS08,
  author    = {F. Mari and I. Melatti and I. Salvo and E. Tronci and
               L. Alvisi and A. Clement and H. C. Li},
  title     = {Model Checking Nash Equilibria in {MAD} Distributed Systems},
  booktitle = {Formal Methods in Computer-Aided Design},
  publisher = {{IEEE}},
  year      = {2008},
  pages     = {1--8},
}
@inproceedings{CFKPS13,
  author    = {T. Chen and V. Forejt and M. Z. Kwiatkowska and
               D. Parker and A. Simaitis},
  title     = {PRISM-games: {A} Model Checker for Stochastic Multi-Player Games},
  booktitle = {Proc.\ 19th Tools and Algorithms for the Construction and Analysis of Systems},
  series    = {LNCS},
  volume    = {7795},
  publisher = {Springer},
  year      = {2013},
  pages     = {185--191},
}
@article{BFW06,
  author    = {P. Ballarini and M. Fisher and M. Wooldridge},
  title     = {Automated Game Analysis via Probabilistic Model Checking: a case study},
  journal   = {Electr. Notes Theor. Comput. Sci.},
  volume    = {149},
  number    = {2},
  pages     = {125--137},
  year      = {2006},
}
@inproceedings{TGV08,
 author = {E. M. Tadjouddine and F. Guerin and W. Vasconcelos},
 title = {Abstractions for Model-checking Game-theoretic Properties of Auctions},
 booktitle = {Proc.\ 7th International Joint Conference on Autonomous Agents and Multiagent Systems - Volume 3},
 publisher = {International Foundation for Autonomous Agents and Multiagent Systems},
 series = {AAMAS '08},
 year = {2008},
 pages = {1613--1616},
}
@misc{BCM13,
  author = {M.l Backes and O. Ciobotaru and M. Maffei},
  title = {{Towards Automated Verification of Rational Cryptographic Protocols}},
  year = {2013},
  howpublished = {In Preparation},
}
@article{CFK13,
  author    = {T. Chen and V. Forejt and M. Z. Kwiatkowska and
               D. Parker and A. Simaitis},
  title     = {Automatic verification of competitive stochastic systems},
  journal   = {Formal Methods in System Design},
  volume    = {43},
  number    = {1},
  pages     = {61--92},
  year      = {2013},
}
@article{Shamir79,
  author    = {A. Shamir},
  title     = {How to Share a Secret},
  journal   = {Commun. {ACM}},
  volume    = {22},
  number    = {11},
  pages     = {612--613},
  year      = {1979},
}
@inproceedings{AHM98,
  author    = {R. Alur and
               T. A. Henzinger and
               F. Y. C. Mang and
               S. Qadeer and
               S. K. Rajamani and
               S. Tasiran},
  title     = {{MOCHA:} Modularity in Model Checking},
  booktitle = {Proc.\ 10th Computer Aided Verification},
series    = {LNCS},
  volume    = {1427},
  publisher = {Springer},
  pages     = {521--525},
  year      = {1998},
}
@inproceedings{SP04,
  author    = {J. Shneidman and
               D. C. Parkes},
  title     = {Specification faithfulness in networks with rational nodes},
  booktitle = {Proc.\ 23rd Annual {ACM} Symposium on Principles
               of Distributed Computing},
 publisher = {{ACM}},
  pages     = {88--97},
  year      = {2004},
}
@inproceedings{BCK10,
  author    = {M. Backes and
               O. Ciobotaru and
               A. Krohmer},
  title     = {RatFish: {A} File Sharing Protocol Provably Secure against Rational
               Users},
  booktitle = {Proc.\ 15th European Symposium on Research
               in Computer Security},
series    = {LNCS},
  volume    = {6345},
  publisher = {Springer},
  pages     = {607--625},
  year      = {2010},
}
@inproceedings{LEB03,
  author    = {M. Lillibridge and S. Elnikety and A. Birrell and
               M. Burrows and M. Isard},
  title     = {A Cooperative Internet Backup Scheme},
  booktitle = {Proc.\ the General Track: 2003 {USENIX} Annual Technical Conference},
publisher = {{USENIX}},
  pages     = {29--41},
  year      = {2003},
}
@article{Rabin83,
  author    = {M. O. Rabin},
  title     = {Transaction Protection by Beacons},
  journal   = {J. Comput. Syst. Sci.},
  volume    = {27},
  number    = {2},
  pages     = {256--267},
  year      = {1983},
}
@inproceedings{LQR09,
  author    = {A. Lomuscio and
               H. Qu and
               F. Raimondi},
  title     = {{MCMAS:} {A} Model Checker for the Verification of Multi-Agent Systems},
  booktitle = {Proc.\ 21st Computer Aided Verification},
series    = {LNCS},
 volume    = {5643},
publisher = {Springer},
  pages     = {682--688},
  year      = {2009},
}
@inproceedings{CKL11,
  author    = {C.{-}H. Cheng and
               A. Knoll and
               M. Luttenberger and
               C. Buckl},
  title     = {{GAVS+:} An Open Platform for the Research of Algorithmic Game Solving},
  booktitle = {Proc.\ 17th Tools and Algorithms for the Construction and Analysis of Systems},
series    = {LNCS},
  volume    = {6605},
  publisher = {Springer},
  pages     = {258--261},
  year      = {2011},
}
@article{AAH11,
  author    = {I. Abraham and
               L. Alvisi and
               J. Y. Halpern},
  title     = {Distributed computing meets game theory: combining insights from two
               fields},
  journal   = {{SIGACT} News},
  volume    = {42},
  number    = {2},
  pages     = {69--76},
  year      = {2011},
}
@inproceedings{LCW06,
  author    = {H. C. Li and
               A. Clement and
               E. L. Wong and
               J. Napper and
               I. Roy and
               L. Alvisi and
               M. Dahlin},
  title     = {{BAR} Gossip},
  booktitle = {Proc.\ 7th Symposium on Operating Systems Design and Implementation},
publisher = {{USENIX} Association},
  pages     = {191--204},
  year      = {2006},
}
@misc{PAT,
author = {PAT project},
title ={PAT: Process Analysis Toolkit},
note ={pat.comp.nus.edu.sg, last visted at 25 Feb. 2016}
}
@inproceedings{DMP07,
  author    = {C. Daskalakis and
               A. Mehta and
               C. H. Papadimitriou},
  title     = {Progress in approximate nash equilibria},
  booktitle = {Proc.\ 8th {ACM} Conference on Electronic Commerce},
 publisher = {{ACM}},
  pages     = {355--358},
  year      = {2007},
}
@article{Daskalakis13,
  author    = {Constantinos Daskalakis},
  title     = {On the Complexity of Approximating a Nash Equilibrium},
  journal   = {{ACM} Transactions on Algorithms},
  volume    = {9},
  number    = {3},
  pages     = {23},
  year      = {2013},
}
@inproceedings{FPT04,
  author    = {A. Fabrikant and
               C. H. Papadimitriou and
               K.l Talwar},
  title     = {The complexity of pure Nash equilibria},
  booktitle = {Proc.\ 36th Annual {ACM} Symposium on Theory of Computing},
publisher = {{ACM}},
  pages     = {604--612},
  year      = {2004},
}
@inproceedings{Henzinger98,
  author    = {T. A. Henzinger},
  title     = {Model Checking Game Properties of Multi-agent Systems (Abstract)},
  booktitle = {Proc.\  25th Automata, Languages and Programming},
series    = {LNCS},
  volume    = {1443},
  publisher = {Springer},
  pages     = {543},
  year      = {1998},
}
@inproceedings{LR06,
  author    = {A. Lomuscio and
               F. Raimondi},
  title     = {Model checking knowledge, strategies, and games in multi-agent systems},
  booktitle = {Proc.\ 5th International Joint Conference on Autonomous Agents and Multiagent
               Systems},
publisher = {{ACM}},
  pages     = {161--168},
  year      = {2006},
}
@article{AM04,
  author    = {L. de Alfaro and
               R. Majumdar},
  title     = {Quantitative solution of omega-regular games},
  journal   = {J. Comput. Syst. Sci.},
  volume    = {68},
  number    = {2},
  pages     = {374--397},
  year      = {2004},
}
@inproceedings{KNP11,
 author = {M. Kwiatkowska and G. Norman and D. Parker},
 title = {PRISM 4.0: Verification of Probabilistic Real-time Systems},
 booktitle = {Proc.\ 23rd International Conference on Computer Aided Verification},
 series = {CAV'11},
 year = {2011},
 pages = {585--591},
 numpages = {7},
}
@article{ZZPM12,
  author    = {Y. Zhang and
               C. Zhang and
               J. Pang and
               S. Mauw},
  title     = {Game-based verification of contract signing protocols with minimal
               messages},
  journal   = {{ISSE}},
  volume    = {8},
  number    = {2},
  pages     = {111--124},
  year      = {2012},
}
@inproceedings{MS05,
  author    = {A. Mahimkar and
               V. Shmatikov},
  title     = {Game-Based Analysis of Denial-of-Service Prevention Protocols},
  booktitle = {Proc.\ 18th {IEEE} Computer Security Foundations Workshop},
publisher = {{IEEE} Computer Society},
  pages     = {287--301},
  year      = {2005},
}
@article{KR03,
  author    = {S. Kremer and
               J.{-}F. Raskin},
  title     = {A Game-based Verification of Non-repudiation and Fair Exchange Protocols},
  journal   = {Journal of Computer Security},
  volume    = {11},
  number    = {3},
  pages     = {399--430},
  year      = {2003},
}
@inproceedings{Brenguier13,
  author    = {R. Brenguier},
  title     = {{PRALINE:} {A} Tool for Computing Nash Equilibria in Concurrent Games},
  booktitle = {Proc.\ 25th Computer Aided Verification},
 series    = {LNCS},
  volume    = {8044},
  publisher = {Springer},
  pages     = {890--895},
  year      = {2013},
}
@inproceedings{TGW15,
  author    = {A. Toumi and
               J. Gutierrez and
               M. Wooldridge},
  title     = {A Tool for the Automated Verification of Nash Equilibria in Concurrent
               Games},
  booktitle = {Proc.\ 12th Theoretical Aspects of Computing},
series    = {LNCS},
  volume    = {9399},
  publisher = {Springer},
  pages     = {583--594},
  year      = {2015},
}
@book {FT91,
	title = {Game Theory},
	year = {1991},
	publisher = {MIT Press},
	organization = {MIT Press},
	address = {Cambridge, MA},
	author = {D. Fudenberg and J. Tirole}
}

@inproceedings{ADGH06,
	title={Distributed computing meets game theory: robust mechanisms for rational secret sharing and multiparty computation},
	author={Abraham, Ittai and Dolev, Danny and Gonen, Rica and Halpern, Joe},
	booktitle={Proceedings of the twenty-fifth annual ACM symposium on Principles of distributed computing},
	pages={53--62},
	year={2006},
	organization={ACM}
}


@article{CJM98,
	author = {Clarke, E M and Jha, S and Marrero, W},
	journal = {1998 IFIP TC2/WG2.2,2.3 International Conference on Programming Concepts and Methods},
	keywords = {Computer communications [B6210L],Data security [C6130S],Distributed systems software [C6150N],Formal verification,Internet,Protocols,Protocols [B6150M],Protocols [C5640],Security of data,Telecommunication security,World Wide Web,authentication protocols,computer networks,debugger,malicious adversaries,message derivation engine,natural deduction,security protocol verification,special purpose model checker,state space exploration},
	pages = {87--106},
	title = {{Using state space exploration and a natural deduction style message derivation engine to verify security protocols}},
	year = {1998}
}

@article{TL10,
	author = {Tuan, Luu Anh},
	doi = {10.1109/SSIRI-C.2010.34},
	isbn = {9780769540870},
	journal = {SSIRI-C 2010 - 4th IEEE International Conference on Secure Software Integration and Reliability Improvement Companion},
	keywords = {PAT,RTS,Security protocol,Verification},
	pages = {157--164},
	title = {{Modeling and verifying security protocols using PAT approach}},
	year = {2010}
}

@article{KSRJ01,
	author = {Kremer, Steve and Raskin, Jean-Francois},
	issn = {0926-227},
	journal = {CONCUR 2001—Concurrency Theory},
	pages = {551--565},
	title = {{A game-based verification of non-repudiation and fair exchange protocols}},
	url = {http://link.springer.com/chapter/10.1007/3-540-44685-0\_37},
	year = {2001}
}

@article{HA,
	author = {Kılın\c{c}, Handan and K\"{u}p\c{c}\"{u}, Alptekin},
	keywords = {electronic payments,fair computation,multi-party computation,multi-party fair exchange,optimistic model,secure},
	pages = {1--19},
	title = {{Optimally Efficient Multi-Party Fair Exchange and Fair Secure Multi-Party Computation}}
}

@article{SM00,
	author = {Shmatikov, Vitaly and Mitchell, John C},
	journal = {Proc. Internet Soc. Symp. on Network and Distributed Syst. Security (NDSS)},
	title = {{Analysis of a Fair Exchange Protocol}},
	year = {2000}
}

@book{OR94,
	title={A course in game theory},
	author={Osborne, Martin J and Rubinstein, Ariel},
	year={1994},
	publisher={MIT press}
}

@article{N49,
	title={Equilibrium points in n-person games},
	author={Nash, John F and others},
	journal={Proc. Nat. Acad. Sci. USA},
	volume={36},
	number={1},
	pages={48--49},
	year={1950}
}

@article{DGP09,
	author = {Daskalakis, Constantinos and Goldberg, Paul W. and Papadimitriou, Christos H.},
	doi = {10.1145/1461928.1461951},
	isbn = {1595931341},
	issn = {00010782},
	journal = {Communications of the ACM},
	keywords = {0121555 and ccf-0515259 and,a grant from microsoft,berkeley,complexity,computer science division,costis,cs,edu,email,game theory,itr grants ccr-,nash equilibrium,ppad-completeness,research,research supported by nsf,university of california at},
	mendeley-groups = {QE{\_}Lit{\_}Survey},
	number = {2},
	pages = {89},
	title = {{The complexity of computing a Nash equilibrium}},
	volume = {52},
	year = {2009}
}

@inproceedings{CD06,
	title={Settling the complexity of 2-player Nash-equilibrium},
	author={Chen, Xi and Deng, Xiaotie},
	booktitle={Proceedings of the Annual Symposium on Foundations of Computer Science (FOCS)},
	year={2006}
}

@book{BK08,
	title={Principles of model checking},
	author={Baier, Christel and Katoen, Joost-Pieter and others},
	volume={26202649},
	year={2008},
	publisher={MIT press Cambridge}
}

@inproceedings{KGNT09,
	title={Replacing Testing with Formal Verification in Intel\^{}$\{$$\backslash$ scriptsize$\backslash$ circledR$\}$ CoreTM i7 Processor Execution Engine Validation},
	author={Kaivola, Roope and Ghughal, Rajnish and Narasimhan, Naren and Telfer, Amber and Whittemore, Jesse and Pandav, Sudhindra and Slobodov{\'a}, Anna and Taylor, Christopher and Frolov, Vladimir and Reeber, Erik and others},
	booktitle={Computer Aided Verification},
	pages={414--429},
	year={2009},
	organization={Springer}
}

@incollection{abdulla2004survey,
	title={A survey of regular model checking},
	author={Abdulla, Parosh Aziz and Jonsson, Bengt and Nilsson, Marcus and Saksena, Mayank},
	booktitle={CONCUR 2004-Concurrency Theory},
	pages={35--48},
	year={2004},
	publisher={Springer}
}

@article{Ben-Or1990,
	author = {Ben-Or, M. and Goldreich, O. and Micali, S. and Rivest, R.L.},
	doi = {10.1109/18.50372},
	issn = {0018-9448},
	journal = {IEEE Transactions on Information Theory},
	mendeley-groups = {MPC,MPC/Contract{\_}signing},
	number = {1},
	pages = {40--46},
	title = {{A fair protocol for signing contracts}},
	url = {http://ieeexplore.ieee.org/lpdocs/epic03/wrapper.htm?arnumber=50372},
	volume = {36},
	year = {1990}
}

@article{Buttyan1999,
	author = {Buttyan, Levente and Hubaux, Jean-Pierre},
	keywords = {fair exchane protocol; formal model; game theory;},
	mendeley-groups = {MPC,MPC/Contract{\_}signing},
	number = {December 1999},
	pages = {1--16},
	title = {{Toward a {\{}F{\}}ormal {\{}M{\}}odel of {\{}F{\}}air {\{}E{\}}xchange - a {\{}G{\}}ame {\{}T{\}}heoretic {\{}A{\}}pproach}},
	year = {1999}
}

@article{Norman2006,
	issn = {03029743},
	keywords = {QA75 Electronic computers. Computer science},
	mendeley-groups = {MPC,MPC/Contract{\_}signing},
	number = {October},
	pages = {1--26},
	title = {{Analysis of probabilistic contract signing}},
	url = {http://eprints.gla.ac.uk/43749/},
	year = {2006}
}

@thesis{MariPhD,
	author = {Federico Mari},
	title = {Verification and Synthesis for Discrete Time Linear Hybrid Systems},
	type = {PhD},
	institution = {Universita di Roma},
	date = {2009},
		OPTsubtitle = {Nash Equilibrial in MAD Distributed Systems},
		OPTlanguage = {English},
		OPTchapter = {Model Checking Nash Equilibrial in MAD Distributed Systems},
		OPTpages = {41-53},
		OPTpagetotal = {13},
		OPTurl = {http://phd.di.uniroma1.it/thesis/mari.pdf},
		OPTurldate = {2016/03/14}
}

@inproceedings{alur1997partial,
	title={Partial-order reduction in symbolic state space exploration},
	author={Alur, Rajeev and Brayton, Robert K and Henzinger, Thomas A and Qadeer, Shaz and Rajamani, Sriram K},
	booktitle={Computer Aided Verification},
	pages={340--351},
	year={1997},
	organization={Springer}
}

@incollection{hao2012probabilistic,
	title={Probabilistic model checking multi-agent behaviors in dispersion games using counter abstraction},
	author={Hao, Jianye and Song, Songzheng and Liu, Yang and Sun, Jun and Gui, Lin and Dong, Jin Song and Leung, Ho-fung},
	booktitle={PRIMA 2012: Principles and Practice of Multi-Agent Systems},
	pages={16--30},
	year={2012},
	publisher={Springer}
}

@incollection{bouyer2012concurrent,
	title={Concurrent games with ordered objectives},
	author={Bouyer, Patricia and Brenguier, Romain and Markey, Nicolas and Ummels, Michael},
	booktitle={Foundations of software science and computational structures},
	pages={301--315},
	year={2012},
	publisher={Springer}
}

@incollection{gripon2009qualitative,
	title={Qualitative concurrent stochastic games with imperfect information},
	author={Gripon, Vincent and Serre, Olivier},
	booktitle={Automata, Languages and Programming},
	pages={200--211},
	year={2009},
	publisher={Springer}
}