@article{Pulli2012Real-timeOpenCV,
    title = {Real-time computer vision with OpenCV},
    year = {2012},
    journal = {Communications of the ACM},
    author = {Pulli, Kari and Baksheev, Anatoly and Kornyakov, Kirill and Eruhimov, Victor},
    doi = {10.1145/2184319.2184337},
    number = {6},
    month = {6},
    pages = {61},
    volume = {55},
    publisher = {ACM}
}

@inproceedings{Turk1991FaceEigenfaces,
    title = {Face recognition using eigenfaces},
    year = {1991},
    booktitle = {Proceedings of 1991 IEEE Computer Society Conference on Computer Vision and Pattern Recognition},
    author = {Turk, M.A. and Pentland, A.P.},
    doi = {10.1109/CVPR.1991.139758},
    pages = {586--591},
    publisher = {IEEE Comput. Sco. Press}
}

@article{Miller1995WordNet:English,
    title = {WordNet: a lexical database for English},
    year = {1995},
    journal = {Communications of the ACM},
    author = {Miller, George A.},
    doi = {10.1145/219717.219748},
    number = {11},
    month = {11},
    pages = {39--41},
    volume = {38},
    publisher = {ACM}
}

@inproceedings{abraham2006distributed,
  title={Distributed computing meets game theory: robust mechanisms for rational secret sharing and multiparty computation},
  author={Abraham, Ittai and Dolev, Danny and Gonen, Rica and Halpern, Joe},
  booktitle={Proceedings of the twenty-fifth annual ACM symposium on Principles of distributed computing},
  pages={53--62},
  year={2006},
  organization={ACM}
}

@inproceedings{halpern2004rational,
  title={Rational secret sharing and multiparty computation},
  author={Halpern, Joseph and Teague, Vanessa},
  booktitle={Proceedings of the thirty-sixth annual ACM symposium on Theory of computing},
  pages={623--632},
  year={2004},
  organization={ACM}
}

@article{Clarke1998,
author = {Clarke, E M and Jha, S and Marrero, W},
file = {:C$\backslash$:/Users/Dileepa/Google Drive/Research/JS/Multiparty\_Computation/Using State Space Exploration and a Natural Deduction Style Messa.pdf:pdf},
journal = {1998 IFIP TC2/WG2.2,2.3 International Conference on Programming Concepts and Methods},
keywords = {Computer communications [B6210L],Data security [C6130S],Distributed systems software [C6150N],Formal verification,Internet,Protocols,Protocols [B6150M],Protocols [C5640],Security of data,Telecommunication security,World Wide Web,authentication protocols,computer networks,debugger,malicious adversaries,message derivation engine,natural deduction,security protocol verification,special purpose model checker,state space exploration},
pages = {87--106},
title = {{Using state space exploration and a natural deduction style message derivation engine to verify security protocols}},
year = {1998}
}

@article{Tuan2010,
author = {Tuan, Luu Anh},
doi = {10.1109/SSIRI-C.2010.34},
file = {:C$\backslash$:/Users/Dileepa/Google Drive/Research/JS/Multiparty\_Computation/Modeling and verifying security protocols using PAT approach.pdf:pdf},
isbn = {9780769540870},
journal = {SSIRI-C 2010 - 4th IEEE International Conference on Secure Software Integration and Reliability Improvement Companion},
keywords = {PAT,RTS,Security protocol,Verification},
pages = {157--164},
title = {{Modeling and verifying security protocols using PAT approach}},
year = {2010}
}

@article{Kremer2001,
author = {Kremer, Steve and Raskin, Jean-Francois},
file = {:C$\backslash$:/Users/Dileepa/Google Drive/Research/JS/Multiparty\_Computation/NR\_protocol\_game.pdf:pdf},
issn = {0926-227},
journal = {CONCUR 2001—Concurrency Theory},
pages = {551--565},
title = {{A game-based verification of non-repudiation and fair exchange protocols}},
url = {http://link.springer.com/chapter/10.1007/3-540-44685-0\_37},
year = {2001}
}

@article{Klnc,
author = {Kılın\c{c}, Handan and K\"{u}p\c{c}\"{u}, Alptekin},
file = {:C$\backslash$:/Users/Dileepa/Google Drive/Research/JS/Multiparty\_Computation/FairExchange.pdf:pdf},
keywords = {electronic payments,fair computation,multi-party computation,multi-party fair exchange,optimistic model,secure},
pages = {1--19},
title = {{Optimally Efficient Multi-Party Fair Exchange and Fair Secure Multi-Party Computation}}
}

@article{Shmatikov2000,
author = {Shmatikov, Vitaly and Mitchell, John C},
file = {:C$\backslash$:/Users/Dileepa/Google Drive/Research/JS/Multiparty\_Computation/Analysis\_of\_fair\_exchange\_model\_checking.pdf:pdf},
journal = {Proc. Internet Soc. Symp. on Network and Distributed Syst. Security (NDSS)},
title = {{Analysis of a Fair Exchange Protocol}},
year = {2000}
}
